@article{liu2022bonding,
  title={The Bonding Nature of Fe--CO Complexes in Heme Proteins},
  author={Liu, Shuyang and Xia, Songyan and Yue, Dongxiao and \textbf{Sun}, \textbf{Haoran} and Hirao, Hajime},
  journal={Inorganic Chemistry},
  year={2022},
  publisher={ACS Publications}
} 

@article{zhang2023pursuing,
  title={Pursuing high efficiency in photocatalytic oxidative couplings of heteroarenes and aliphatic C--H bonds},
  author={Zhang, Luoqiang and Zhu, Dao-Yong and Hu, Jingyao and Feng, Minjun and Sum, Tze Chien and \textbf{Sun}, \textbf{Haoran} and Hirao, Hajime and Chi, Yonggui Robin and Zhou, Jianrong Steve},
  journal={Organic Chemistry Frontiers},
  year={2023},
  publisher={Royal Society of Chemistry}
}
